%% Copyright 2006 Xavier Danaux (xdanaux<AT>gmail.com).
%
% This work may be distributed and/or modified under the
% conditions of the LaTeX Project Public License version 1.3c,
% available at http://www.latex-project.org/lppl/.

%%%%%%%%%%%%%%%%%%%%%%%%%%%%%%%%%%%%%%%%%%%%%%%%%%%%%%%%%%%%%%%%%%%%%%%%%%%%%%%%
% PUBLISHED

@article{CMS:2015dbr,
      author         = "{CMS Collaboration}",
      title          = "{Search for new physics in final states with jets and
                        missing transverse momentum in $\sqrt{s}$ = 13 TeV pp
                        collisions with the $\alpha_{\text{T}}$ variable}",
      collaboration  = "CMS",
      year           = "2015",
      reportNumber   = "CMS-PAS-SUS-15-005",
      SLACcitation   = "%%CITATION = CMS-PAS-SUS-15-005;%%",
      note           = {Submitted to EPJC}

}
@article{CMS:2016dbr,
      author         = "{CMS Collaboration}",
      title         = "{An inclusive search for new phenomena in final states
                       with one or more jets and missing transverse momentum at
                       13 TeV with the AlphaT variable}",
      institution   = "CERN",
      collaboration = "CMS Collaboration",
      year           = "2016",
      reportNumber  = "CMS-PAS-SUS-16-016",
      note           = {In preparation for submission to journal}
}
@inproceedings{Kreis:2015jjr,
      author         = "{Kreis, B. and others}",
      title          = "{Run 2 Upgrades to the CMS Level-1 Calorimeter Trigger}",
      booktitle      = "{Proceedings, Topical Workshop on Electronics for
                        Particle Physics (TWEPP15): Lisbon, Portugal, September 28
                        - October 02, 2015}",
      collaboration  = "CMS",
      journal        = "JINST",
      volume         = "11",
      year           = "2016",
      number         = "01",
      pages          = "C01051",
      doi            = "10.1088/1748-0221/11/01/C01051",
      eprint         = "1511.05855",
      archivePrefix  = "arXiv",
      primaryClass   = "physics.ins-det",
      reportNumber   = "FERMILAB-CONF-15-503-CMS",
      SLACcitation   = "%%CITATION = ARXIV:1511.05855;%%"
}

@inproceedings{Zabi:2016ljo,
      author         = "{Zabi, A. and others}",
      title          = "{Triggering on electrons, jets and tau leptons with the
                        CMS upgraded calorimeter trigger for the LHC RUN II}",
      booktitle      = "{Proceedings, Topical Workshop on Electronics for
                        Particle Physics (TWEPP14): Aix en Provence, France,
                        September 22-26, 2014}",
      journal        = "JINST",
      volume         = "11",
      year           = "2016",
      number         = "02",
      pages          = "C02008",
      doi            = "10.1088/1748-0221/11/02/C02008",
      SLACcitation   = "%%CITATION = JINST,11,C02008;%%"
}

@article{Bagnaschi:2016afc,
      author         = "Bagnaschi, E. and others",
      title          = "{Likelihood Analysis of Supersymmetric SU(5) GUTs}",
      year           = "2016",
      eprint         = "1610.10084",
      archivePrefix  = "arXiv",
      primaryClass   = "hep-ph",
      reportNumber   = "KCL-PH-TH-2016-57, CERN-PH-TH-2016-217, DESY-16-156,
                        IIFT-UAM-CSIC-16-105, FTPI-MINN-16-29, UMN-TH-3609-16,
                        IPPP-16-97, FERMILAB-PUB-16-453-CMS,
                        --IIFT-UAM-CSIC-16-105",
      SLACcitation   = "%%CITATION = ARXIV:1610.10084;%%"
}
@article{Bagnaschi:2015eha,
      author         = "Bagnaschi, E. A. and others",
      title          = "{Supersymmetric Dark Matter after LHC Run 1}",
      journal        = "Eur. Phys. J.",
      volume         = "C75",
      year           = "2015",
      pages          = "500",
      doi            = "10.1140/epjc/s10052-015-3718-9",
      eprint         = "1508.01173",
      archivePrefix  = "arXiv",
      primaryClass   = "hep-ph",
      reportNumber   = "KCL-PH-TH-2015-33, LCTS-2015-24, CERN-PH-TH-2015-167,
                        DESY-15-132, FTPI-MINN-15-36, UMN-TH-3445-15,
                        SLAC-PUB-16350, FERMILAB-PUB-15-333-CMS",
      SLACcitation   = "%%CITATION = ARXIV:1508.01173;%%"
}
@article{deVries:2015hva,
      author         = "de Vries, K. J. and others",
      title          = "{The pMSSM10 after LHC Run 1}",
      journal        = "Eur. Phys. J.",
      volume         = "C75",
      year           = "2015",
      number         = "9",
      pages          = "422",
      doi            = "10.1140/epjc/s10052-015-3599-y",
      eprint         = "1504.03260",
      archivePrefix  = "arXiv",
      primaryClass   = "hep-ph",
      reportNumber   = "KCL-PH-TH-2015-15, LCTS-2015-07, CERN-PH-TH-2015-066,
                        DESY-15-046, FTPI-MINN-15-13, UMN-TH-3427-15,
                        SLAC-PUB-16245, FERMILAB-PUB-15-100-CMS",
      SLACcitation   = "%%CITATION = ARXIV:1504.03260;%%"
}
@article{Buchmueller:2014yva,
      author         = "Buchmueller, O. and others",
      title          = "{The NUHM2 after LHC Run 1}",
      journal        = "Eur. Phys. J.",
      volume         = "C74",
      year           = "2014",
      number         = "12",
      pages          = "3212",
      doi            = "10.1140/epjc/s10052-014-3212-9",
      eprint         = "1408.4060",
      archivePrefix  = "arXiv",
      primaryClass   = "hep-ph",
      reportNumber   = "KCL-PH-TH-2014-33, LCTS-2014-29, CERN-PH-TH-2014-145,
                        DESY-14-144, FTPI-MINN-14-39, UMN-TH-3344-14,
                        SLAC-PUB-16051",
      SLACcitation   = "%%CITATION = ARXIV:1408.4060;%%"
}
@article{Buchmueller:2012hv,
      author         = "Buchmueller, O. and others",
      title          = "{The CMSSM and NUHM1 in Light of 7 TeV LHC, $B_s \to
                        \mu^+\mu^-$ and XENON100 Data}",
      journal        = "Eur. Phys. J.",
      volume         = "C72",
      year           = "2012",
      pages          = "2243",
      doi            = "10.1140/epjc/s10052-012-2243-3",
      eprint         = "1207.7315",
      archivePrefix  = "arXiv",
      primaryClass   = "hep-ph",
      reportNumber   = "KCL-PH-TH-2012-26, LCTS-2012-13, CERN-PH-TH-2012-164,
                        DCPT-12-82, DESY-12-115, IPPP-12-41, FTPI-MINN-12-20,
                        UMN-TH-3106-12, FERMILAB-PUB-12-868-T",
      SLACcitation   = "%%CITATION = ARXIV:1207.7315;%%"
}
@article{Citron:2012fg,
      author         = "Citron, M. and Ellis, J. and Luo, F. and Marrouche, J.
                        and Olive, K. A. and de Vries, K. J.",
      title          = "{End of the CMSSM coannihilation strip is nigh}",
      journal        = "Phys. Rev.",
      volume         = "D87",
      year           = "2013",
      number         = "3",
      pages          = "036012",
      doi            = "10.1103/PhysRevD.87.036012",
      eprint         = "1212.2886",
      archivePrefix  = "arXiv",
      primaryClass   = "hep-ph",
      reportNumber   = "KCL-PH-TH-2012-46, LCTS-2012-32, CERN-PH-TH-2012-331,
                        UMN-TH-3127-12, FTPI-MINN-12-38, --UMN--TH--3127-12,
                        FTPI--MINN--12-38",
      SLACcitation   = "%%CITATION = ARXIV:1212.2886;%%"
}
@article{Buchmueller:2015uqa,
      author         = "Buchmueller, O. and Citron, M. and Ellis, J. and Guha, S.
                        and Marrouche, J. and Olive, K. A. and de Vries, K. and
                        Zheng, Jiaming",
      title          = "{Collider Interplay for Supersymmetry, Higgs and Dark
                        Matter}",
      journal        = "Eur. Phys. J.",
      volume         = "C75",
      year           = "2015",
      number         = "10",
      pages          = "469",
      doi            = "10.1140/epjc/s10052-015-3675-3,
                        10.1140/epjc/s10052-016-4010-3",
      note           = "[Erratum: Eur. Phys. J.C76,no.4,190(2016)]",
      eprint         = "1505.04702",
      archivePrefix  = "arXiv",
      primaryClass   = "hep-ph",
      reportNumber   = "KCL-PH-TH-2015-21, LCTS-2015-12, CERN-PH-TH-2015-117,
                        UMN-TH-3437-15, FTPI-MINN-15-25, --UMN-TH-3437-15",
      SLACcitation   = "%%CITATION = ARXIV:1505.04702;%%"
}
%%%%%%%%%%%%%%%%%%%%%%%%%%%%%%%%%%%%%%%%%%%%%%%%%%%%%%%%%%%%%%%%%%%%%%%%%%%%%%%%
% CONFERENCE PROCEEDINGS
%(in published for now)

%%%%%%%%%%%%%%%%%%%%%%%%%%%%%%%%%%%%%%%%%%%%%%%%%%%%%%%%%%%%%%%%%%%%%%%%%%%%%%%%
% INTERNAL ANALYSIS NOTES

@article{alphaTJetSubstructure2016,
      author         = "R. Bainbridge and others",
      title          = "{Search for supersymmetric top quarks in pp collisions 
        at $\sqrt{s}$ = 13 TeV with jet substructure tools}",
      collaboration  = "CMS",
      year           = "2016",
      note   = "CMS-AN-2016-263",
}
@article{alphaT2016,
      author         = "R. Bainbridge and others",
      title          = "{Search for new physics in final states with
        jets and missing transverse momentum in $\sqrt{s}$ = 13 TeV pp
        collisions with the $\alpha_{T}$ variable}",
      collaboration  = "CMS",
      year           = "2016",
      note   = "CMS-AN-2016-161",
}
@article{alphaTDM2015,
      author         = "R. Bainbridge and others",
      title          = "{Inclusive WIMP searches using $\alpha_{T}$ in final 
        states with jets and missing transverse momentum at $\sqrt{s}$ = 13 TeV 
        pp collisions }",
      collaboration  = "CMS",
      year           = "2015",
      note   = "CMS-AN-2015-279",
}
@article{trig1,
      author         = "M. Baber and others",
      title          = "{Level-1 Calorimeter Trigger Upgrade: Jet and
Energy Sum Algorithms and Performance}",
      collaboration  = "CMS",
      year           = "2015",
      note   = "CMS-AN-2015-199",
}
@article{phase2Trig,
      author         = "M. d'Alfonso and others",
      title          = "{Use of tracking in the CMS L1 trigger for the
        phase-2 upgrade}",
      collaboration  = "CMS",
      year           = "2014",
      note   = "CMS-DN-2014-002",
}
@article{simplifiedLikelihood,
      author         = "M. Citron and N. Wardle",
      title          = "{Simplified likelihood for the re-interpretation of public CMS results}",
      collaboration  = "CMS",
      year           = "2016",
      note   = "In preparation",
}
%%%%%%%%%%%%%%%%%%%%%%%%%%%%%%%%%%%%%%%%%%%%%%%%%%%%%%%%%%%%%%%%%%%%%%%%%%%%%%%%
% TALKS 

@manual{talks-durham2016,
  title          = "{"BSM+jets at CMS"}", 
  note           = {JetVM2016: Workshop on Jet Vetoes and Jet Multiplicity
Observables at the LHC, Durham University, 19-21 Sep. 2016}
} 

@manual{talks-iop2016,
  title          = "{"Determining the standard model backgrounds of a
    search for new physics with jets and missing transverse momentum
    in 13 TeV pp collisions at the LHC"}", 
  note           = {University of Sussex, Joint
    annual HEPP and APP conference, 21-23 March 2016}
} 



