%% Copyright 2006 Xavier Danaux (xdanaux<AT>gmail.com).
%
% This work may be distributed and/or modified under the
% conditions of the LaTeX Project Public License version 1.3c,
% available at http://www.latex-project.org/lppl/.

%%%%%%%%%%%%%%%%%%%%%%%%%%%%%%%%%%%%%%%%%%%%%%%%%%%%%%%%%%%%%%%%%%%%%%%%%%%%%%%%
% PUBLISHED

@article{CMS:2015dbr,
      author         = "{CMS Collaboration}",
      title          = "{Search for new physics in final states with jets and
                        missing transverse momentum in $\sqrt{s}$ = 13 TeV pp
                        collisions with the $\alpha_{\text{T}}$ variable}",
      collaboration  = "CMS",
      year           = "2015",
      reportNumber   = "CMS-PAS-SUS-15-005",
      SLACcitation   = "%%CITATION = CMS-PAS-SUS-15-005;%%",
      note           = {Publication in preparation}

}

@inproceedings{Kreis:2015jjr,
      author         = "{Kreis, B. and others}",
      title          = "{Run 2 Upgrades to the CMS Level-1 Calorimeter Trigger}",
      booktitle      = "{Proceedings, Topical Workshop on Electronics for
                        Particle Physics (TWEPP15): Lisbon, Portugal, September 28
                        - October 02, 2015}",
      collaboration  = "CMS",
      journal        = "JINST",
      volume         = "11",
      year           = "2016",
      number         = "01",
      pages          = "C01051",
      doi            = "10.1088/1748-0221/11/01/C01051",
      eprint         = "1511.05855",
      archivePrefix  = "arXiv",
      primaryClass   = "physics.ins-det",
      reportNumber   = "FERMILAB-CONF-15-503-CMS",
      SLACcitation   = "%%CITATION = ARXIV:1511.05855;%%"
}

@inproceedings{Zabi:2016ljo,
      author         = "{Zabi, A. and others}",
      title          = "{Triggering on electrons, jets and tau leptons with the
                        CMS upgraded calorimeter trigger for the LHC RUN II}",
      booktitle      = "{Proceedings, Topical Workshop on Electronics for
                        Particle Physics (TWEPP14): Aix en Provence, France,
                        September 22-26, 2014}",
      journal        = "JINST",
      volume         = "11",
      year           = "2016",
      number         = "02",
      pages          = "C02008",
      doi            = "10.1088/1748-0221/11/02/C02008",
      SLACcitation   = "%%CITATION = JINST,11,C02008;%%"
}


%%%%%%%%%%%%%%%%%%%%%%%%%%%%%%%%%%%%%%%%%%%%%%%%%%%%%%%%%%%%%%%%%%%%%%%%%%%%%%%%
% PRELIM 

%@unpublished{prelim-tracker-tdr-add,
%  author         = "{{\APACSortNoop{1}CMS Collaboration}",
%  title          = "{Addendum to the CMS tracker TDR}", 
%  note           = {\href{http://cdsweb.cern.ch/record/490194}{CERN-LHCC-2000-016}}
%}


%%%%%%%%%%%%%%%%%%%%%%%%%%%%%%%%%%%%%%%%%%%%%%%%%%%%%%%%%%%%%%%%%%%%%%%%%%%%%%%%
% THESIS 

%@phdthesis{thesis,
%  author         = "{R. Bainbridge}",
%  title          = "{Influence of Highly Ionising Events on the CMS
%                  APV25 Readout Chip}",
%  school         = {Imperial College London},
%  year           = {2004},
%  note           = {\href{https://cds.cern.ch/record/795714}{CERN-THESIS-2004-032}}
%}

%%%%%%%%%%%%%%%%%%%%%%%%%%%%%%%%%%%%%%%%%%%%%%%%%%%%%%%%%%%%%%%%%%%%%%%%%%%%%%%%
% CONFERENCE PROCEEDINGS
%(in published for now)

%%%%%%%%%%%%%%%%%%%%%%%%%%%%%%%%%%%%%%%%%%%%%%%%%%%%%%%%%%%%%%%%%%%%%%%%%%%%%%%%
% INTERNAL ANALYSIS NOTES

@article{alphaTJetSubstructure2016,
      author         = "R. Bainbridge and others",
      title          = "{Search for supersymmetric top quarks in pp collisions 
        at $\sqrt{s}$ = 13 TeV with jet substructure tools}",
      collaboration  = "CMS",
      year           = "2016",
      note   = "CMS-AN-2016-263",
}
@article{alphaT2016,
      author         = "R. Bainbridge and others",
      title          = "{Search for new physics in final states with
        jets and missing transverse momentum in $\sqrt{s}$ = 13 TeV pp
        collisions with the $\alpha_{T}$ variable}",
      collaboration  = "CMS",
      year           = "2016",
      note   = "CMS-AN-2016-161",
}
@article{alphaTDM2015,
      author         = "R. Bainbridge and others",
      title          = "{Inclusive WIMP searches using $\alpha_{T}$ in final 
        states with jets and missing transverse momentum at $\sqrt{s}$ = 13 TeV 
        pp collisions }",
      collaboration  = "CMS",
      year           = "2015",
      note   = "CMS-AN-2015-279",
}
@article{trig1,
      author         = "M. Baber and others",
      title          = "{Level-1 Calorimeter Trigger Upgrade: Jet and
Energy Sum Algorithms and Performance}",
      collaboration  = "CMS",
      year           = "2015",
      note   = "CMS-AN-2015-199",
}
@article{phase2Trig,
      author         = "M. d'Alfonso and others",
      title          = "{Use of tracking in the CMS L1 trigger for the
        phase-2 upgrade}",
      collaboration  = "CMS",
      year           = "2014",
      note   = "CMS-DN-2014-002",
}
@article{triggerOpenCV,
      author         = "A. Elwood and J. Marrouche",
      title          = "{Jet finding using image processing techniques
at the LHC}",
      collaboration  = "CMS",
      year           = "2014",
      note   = "CMS-IN-2014-005",
}
%%%%%%%%%%%%%%%%%%%%%%%%%%%%%%%%%%%%%%%%%%%%%%%%%%%%%%%%%%%%%%%%%%%%%%%%%%%%%%%%
% TALKS 

@manual{talks-durham2016,
  title          = "{"BSM+jets at CMS"}", 
  note           = {JetVM2016: Workshop on Jet Vetoes and Jet Multiplicity
Observables at the LHC, Durham University, 19-21 Sep. 2016}
} 

@manual{talks-iop2016,
  title          = "{"Determining the standard model backgrounds of a
    search for new physics with jets and missing transverse momentum
    in 13 TeV pp collisions at the LHC"}", 
  note           = {University of Sussex, Joint
    annual HEPP and APP conference, 21-23 March 2016}
} 


