%% Copyright 2006 Xavier Danaux (xdanaux<AT>gmail.com).
%
% This work may be distributed and/or modified under the
% conditions of the LaTeX Project Public License version 1.3c,
% available at http://www.latex-project.org/lppl/.

%%%%%%%%%%%%%%%%%%%%%%%%%%%%%%%%%%%%%%%%%%%%%%%%%%%%%%%%%%%%%%%%%%%%%%%%%%%%%%%%
% PUBLISHED
@article{Buckley_2019,
   title={The simplified likelihood framework},
   ISSN={1029-8479},
   url={http://dx.doi.org/10.1007/JHEP04(2019)064},
   DOI={10.1007/jhep04(2019)064},
   journal={JHEP},
   publisher={Springer Science and Business Media LLC},
   author={Buckley, Andy and others},
   year={2019},
}

@article{CMS:2015dbr,

      title         = "{A search for new phenomena in pp collisions at $ \sqrt{s}
                       = $ 13 TeV in final states with missing transverse momentum
                       and at least one jet using the ${\alpha_{\mathrm{T}}} $
                       variable.}",
      journal       = "Eur. Phys. J. C",
      author = "{CMS Collaboration}",
      year          = "2016",
      url           = "http://cds.cern.ch/record/2228997",
      doi           = "10.1140/epjc/s10052-017-4787-8",
      }
@misc{ball2020search,
    title="{Search for millicharged particles in proton-proton collisions at $\sqrt{s} = 13$ TeV}",
    author={A. Ball et al},
    year={2020},
    eprint={2005.06518},
    archivePrefix={arXiv},
    primaryClass={hep-ex},
    howpublished={arXiv 2005.06518},
    note={Submitted to Phys. Rev. D}
}
@article{2019134876,
    author = "{CMS Collaboration}",
    title = "{Search for long-lived particles using nonprompt jets and missing transverse momentum with proton-proton collisions at $\sqrt{s}$ = 13 TeV}",
    journal = "Phys. Lett. B",
    year = "2019",
    doi = "https://doi.org/10.1016/j.physletb.2019.134876",
    keywords = "Exotica, Long-lived particles",
}
@article{CMS:2016dbr,
      author         = "{CMS Collaboration}",
            title         = "{Search for natural and split supersymmetry in
                       proton-proton collisions at $\sqrt{s} =$ 13 TeV in final
                       states with jets and missing transverse momentum}",
      journal       = "JHEP",
      year          = "2018",
      url           = "https://cds.cern.ch/record/2303202",
      doi           = "10.1007/JHEP05(2018)025",
}

@inproceedings{Kreis:2015jjr,
      author         = "{B. Kreis et al}",
      title          = "{Run 2 Upgrades to the CMS Level-1 Calorimeter Trigger}",
      booktitle      = "{Proceedings, Topical Workshop on Electronics for
                        Particle Physics (TWEPP15)}",
      collaboration  = "CMS",
      journal        = "JINST",
      year           = "2016",
      doi            = "10.1088/1748-0221/11/01/C01051",
      eprint         = "1511.05855",
      archivePrefix  = "arXiv",
      primaryClass   = "physics.ins-det",
      reportNumber   = "FERMILAB-CONF-15-503-CMS",
      SLACcitation   = "%%CITATION = ARXIV:1511.05855;%%"
}

@inproceedings{Zabi:2016ljo,
      author         = "{A. Zabi et al}",
      title          = "{Triggering on electrons, jets and tau leptons with the
                        CMS upgraded calorimeter trigger for the LHC RUN II}",
      booktitle      = "{Proceedings, Topical Workshop on Electronics for
                        Particle Physics (TWEPP14)}",
      journal        = "JINST",
      year           = "2016",
      doi            = "10.1088/1748-0221/11/02/C02008",
      SLACcitation   = "%%CITATION = JINST,11,C02008;%%"
}

@article{Bagnaschi:2016afc,
    title="{Likelihood analysis of supersymmetric SU(5) GUTs}",
    ISSN={1434-6052},
    url={http://dx.doi.org/10.1140/epjc/s10052-017-4639-6},
    DOI={10.1140/epjc/s10052-017-4639-6},
    journal={Eur. Phys. J. C},
    author={Bagnaschi, E. and others},
    year={2017},
    SLACcitation   = "%%CITATION = ARXIV:1610.10084;%%"
}
@article{Bagnaschi:2015eha,
    author         = "Bagnaschi, E. and others",
    title          = "{Supersymmetric Dark Matter after LHC Run 1}",
    journal        = "Eur. Phys. J. C",
    year           = "2015",
    doi            = "10.1140/epjc/s10052-015-3718-9",
    eprint         = "1508.01173",
    archivePrefix  = "arXiv",
    primaryClass   = "hep-ph",
    reportNumber   = "KCL-PH-TH-2015-33, LCTS-2015-24, CERN-PH-TH-2015-167,
    DESY-15-132, FTPI-MINN-15-36, UMN-TH-3445-15,
    SLAC-PUB-16350, FERMILAB-PUB-15-333-CMS",
    SLACcitation   = "%%CITATION = ARXIV:1508.01173;%%"
}
@article{deVries:2015hva,
    author         = "de Vries, K. J. and others",
    title          = "{The pMSSM10 after LHC Run 1}",
    journal        = "Eur. Phys. J. C",
    year           = "2015",
    doi            = "10.1140/epjc/s10052-015-3599-y",
    eprint         = "1504.03260",
    archivePrefix  = "arXiv",
    primaryClass   = "hep-ph",
    reportNumber   = "KCL-PH-TH-2015-15, LCTS-2015-07, CERN-PH-TH-2015-066,
    DESY-15-046, FTPI-MINN-15-13, UMN-TH-3427-15,
    SLAC-PUB-16245, FERMILAB-PUB-15-100-CMS",
    SLACcitation   = "%%CITATION = ARXIV:1504.03260;%%"
}
@article{Buchmueller:2014yva,
    author         = "Buchmueller, O. and others",
    title          = "{The NUHM2 after LHC Run 1}",
    journal        = "Eur. Phys. J. C",
    year           = "2014",
    doi            = "10.1140/epjc/s10052-014-3212-9",
    eprint         = "1408.4060",
    archivePrefix  = "arXiv",
    primaryClass   = "hep-ph",
    reportNumber   = "KCL-PH-TH-2014-33, LCTS-2014-29, CERN-PH-TH-2014-145,
    DESY-14-144, FTPI-MINN-14-39, UMN-TH-3344-14,
    SLAC-PUB-16051",
    SLACcitation   = "%%CITATION = ARXIV:1408.4060;%%"
}
@article{Buchmueller:2012hv,
    author         = "Buchmueller, O. and others",
    title          = "{The CMSSM and NUHM1 in Light of 7 TeV LHC, $B_s \to
	\mu^+\mu^-$ and XENON100 Data}",
journal        = "Eur. Phys. J. C",
year           = "2012",
doi            = "10.1140/epjc/s10052-012-2243-3",
eprint         = "1207.7315",
archivePrefix  = "arXiv",
primaryClass   = "hep-ph",
reportNumber   = "KCL-PH-TH-2012-26, LCTS-2012-13, CERN-PH-TH-2012-164,
DCPT-12-82, DESY-12-115, IPPP-12-41, FTPI-MINN-12-20,
UMN-TH-3106-12, FERMILAB-PUB-12-868-T",
SLACcitation   = "%%CITATION = ARXIV:1207.7315;%%"
}
@article{Citron:2012fg,
    author         = "Citron, M. and others",
    title          = "{End of the CMSSM coannihilation strip is nigh}",
    journal        = "Phys. Rev. D",
    year           = "2013",
    doi            = "10.1103/PhysRevD.87.036012",
    eprint         = "1212.2886",
    archivePrefix  = "arXiv",
    primaryClass   = "hep-ph",
    reportNumber   = "KCL-PH-TH-2012-46, LCTS-2012-32, CERN-PH-TH-2012-331,
    UMN-TH-3127-12, FTPI-MINN-12-38, --UMN--TH--3127-12,
    FTPI--MINN--12-38",
    SLACcitation   = "%%CITATION = ARXIV:1212.2886;%%"
}
@article{Buchmueller:2015uqa,
    author         = "Buchmueller, O. and others",
    title          = "{Collider Interplay for Supersymmetry, Higgs and Dark
	Matter}",
journal        = "Eur. Phys. J. C",
year           = "2015",
doi            = "10.1140/epjc/s10052-015-3675-3,
10.1140/epjc/s10052-016-4010-3",
eprint         = "1505.04702",
archivePrefix  = "arXiv",
primaryClass   = "hep-ph",
reportNumber   = "KCL-PH-TH-2015-21, LCTS-2015-12, CERN-PH-TH-2015-117,
UMN-TH-3437-15, FTPI-MINN-15-25, --UMN-TH-3437-15",
SLACcitation   = "%%CITATION = ARXIV:1505.04702;%%"
}
%%%%%%%%%%%%%%%%%%%%%%%%%%%%%%%%%%%%%%%%%%%%%%%%%%%%%%%%%%%%%%%%%%%%%%%%%%%%%%%%
    % CONFERENCE PROCEEDINGS
%(in published for now)

    %%%%%%%%%%%%%%%%%%%%%%%%%%%%%%%%%%%%%%%%%%%%%%%%%%%%%%%%%%%%%%%%%%%%%%%%%%%%%%%%
    % INTERNAL ANALYSIS NOTES

    @article{alphaTJetSubstructure2016,
	author         = "Bainbridge, R. and others",
	title          = "{Search for supersymmetric top quarks in pp collisions 
	    at $\sqrt{s}$ = 13 TeV with jet substructure tools}",
	collaboration  = "CMS",
	year           = "2016",
	note   = "CMS-AN-2016-263",
    }
@article{alphaT2016,
    author         = "Bainbridge, R. and others",
    title          = "{Search for new physics in final states with
	jets and missing transverse momentum in $\sqrt{s}$ = 13 TeV pp
	collisions with the $\alpha_{T}$ variable}",
collaboration  = "CMS",
year           = "2016",
note   = "CMS-AN-2016-161",
}
@article{alphaTDM2015,
    author         = "Bainbridge, R. and others",
    title          = "{Inclusive WIMP searches using $\alpha_{T}$ in final 
	states with jets and missing transverse momentum at $\sqrt{s}$ = 13 TeV 
	pp collisions }",
collaboration  = "CMS",
year           = "2015",
note   = "CMS-AN-2015-279",
}
@article{trig1,
    author         = "Baber, M. and others",
    title          = "{Level-1 Calorimeter Trigger Upgrade: Jet and
	Energy Sum Algorithms and Performance}",
collaboration  = "CMS",
year           = "2015",
note   = "CMS-AN-2015-199",
}
@article{simplifiedLikelihood,
    author         = "Citron, M. and Wardle, N.",
    title          = "{Simplified likelihood for the re-interpretation of public CMS results}",
    collaboration  = "CMS",
    year           = "2016",
}
%%%%%%%%%%%%%%%%%%%%%%%%%%%%%%%%%%%%%%%%%%%%%%%%%%%%%%%%%%%%%%%%%%%%%%%%%%%%%%%%
% TALKS 

@manual{talks-durham2016,
    title          = "{"BSM+jets at CMS"}", 
    note           = {JetVM2016: Workshop on Jet Vetoes and Jet Multiplicity
	Observables at the LHC, Durham University, 19-21 Sep. 2016}
} 

@manual{talks-iop2016,
    title          = "{"Determining the standard model backgrounds of a
	search for new physics with jets and missing transverse momentum
	in 13 TeV pp collisions at the LHC"}", 
    note           = {University of Sussex, Joint
	annual HEPP and APP conference, 21-23 March 2016}
} 



